<?xml version='1.0' encoding='utf-8'?>
<record xmlns="http://www.loc.gov/MARC21/slim" xmlns:xsi="http://www.w3.org/2001/XMLSchema-instance" xsi:schemaLocation="http://www.loc.gov/MARC21/slim http://www.loc.gov/standards/marcxml/schema/MARC21slim.xsd">
  <leader>00000nkda 22013091a 4500</leader>
  <controlfield tag="005">20100225153550.0</controlfield>
  <controlfield tag="008">940131i1860199umiunnn           1kneng d</controlfield>
  <datafield tag="035" ind1=" " ind2=" ">
    <subfield code="a">(RLIN)MIUV89-F16</subfield>
  </datafield>
  <datafield tag="035" ind1=" " ind2=" ">
    <subfield code="a">(OCoLC)ocm35063826</subfield>
  </datafield>
  <datafield tag="040" ind1=" " ind2=" ">
    <subfield code="a">MiU-H</subfield>
    <subfield code="c">MiU-H</subfield>
    <subfield code="e">gihc</subfield>
  </datafield>
  <datafield tag="110" ind1="2" ind2=" ">
    <subfield code="a">Episcopal Church.</subfield>
    <subfield code="b">Diocese of Michigan.</subfield>
  </datafield>
  <datafield tag="245" ind1="0" ind2="0">
    <subfield code="a">Episcopal Church Diocese of Michigan visual materials series.</subfield>
  </datafield>
  <datafield tag="260" ind1=" " ind2=" ">
    <subfield code="c">1870s?-1990s.</subfield>
  </datafield>
  <datafield tag="300" ind1=" " ind2=" ">
    <subfield code="a">3.4 linear ft. and 2 outsize folders.</subfield>
  </datafield>
  <datafield tag="520" ind1=" " ind2=" ">
    <subfield code="a">Photographs of churches within the diocese, activities including summer camps and gay and women's protests, and portraits of bishops and other clergy; also videotapes and films of diocesan activities.</subfield>
  </datafield>
  <datafield tag="555" ind1="0" ind2=" ">
    <subfield code="a">Finding aid in the library</subfield>
  </datafield>
  <datafield tag="555" ind1="0" ind2=" ">
    <subfield code="a">Finding aid available via World Wide Web at URL: http://quod.lib.umich.edu/cgi/f/findaid/findaid-idx?c=bhlead&amp;idno=umich-bhl-86726</subfield>
  </datafield>
  <datafield tag="500" ind1=" " ind2=" ">
    <subfield code="a">Donor: 1059</subfield>
  </datafield>
  <datafield tag="580" ind1=" " ind2=" ">
    <subfield code="a">Forms part of Episcopal Church. Diocese of Michigan. Episcopal Church, Diocese of Michigan records.</subfield>
  </datafield>
  <datafield tag="610" ind1="2" ind2="0">
    <subfield code="a">Episcopal Church</subfield>
    <subfield code="z">Michigan.</subfield>
  </datafield>
  <datafield tag="655" ind1=" " ind2="7">
    <subfield code="a">Photographs.</subfield>
    <subfield code="2">aat</subfield>
  </datafield>
  <datafield tag="655" ind1=" " ind2="7">
    <subfield code="a">Motion pictures.</subfield>
    <subfield code="2">aat</subfield>
  </datafield>
  <datafield tag="655" ind1=" " ind2="7">
    <subfield code="a">Videotapes.</subfield>
    <subfield code="2">aat</subfield>
  </datafield>
  <datafield tag="650" ind1=" " ind2="7">
    <subfield code="a">Camps.</subfield>
    <subfield code="2">lctgm</subfield>
  </datafield>
  <datafield tag="650" ind1=" " ind2="7">
    <subfield code="a">Chapels.</subfield>
    <subfield code="2">lctgm</subfield>
  </datafield>
  <datafield tag="650" ind1=" " ind2="7">
    <subfield code="a">Churches.</subfield>
    <subfield code="2">lctgm</subfield>
  </datafield>
  <datafield tag="650" ind1=" " ind2="7">
    <subfield code="a">Clergy.</subfield>
    <subfield code="2">lctgm</subfield>
  </datafield>
  <datafield tag="600" ind1="1" ind2="0">
    <subfield code="a">Creighton, Frank W.</subfield>
  </datafield>
  <datafield tag="600" ind1="1" ind2="0">
    <subfield code="a">Davies, Thomas F.</subfield>
  </datafield>
  <datafield tag="650" ind1=" " ind2="7">
    <subfield code="a">Demonstrations.</subfield>
    <subfield code="2">lctgm</subfield>
  </datafield>
  <datafield tag="600" ind1="1" ind2="0">
    <subfield code="a">Emrich, Richard S. M.</subfield>
    <subfield code="q">(Richard Stanley Merrill),</subfield>
    <subfield code="d">1910-</subfield>
  </datafield>
  <datafield tag="650" ind1=" " ind2="7">
    <subfield code="a">Gay rights.</subfield>
    <subfield code="2">lctgm</subfield>
  </datafield>
  <datafield tag="600" ind1="1" ind2="0">
    <subfield code="a">Harris, Samuel Smith,</subfield>
    <subfield code="d">1841-1888.</subfield>
  </datafield>
  <datafield tag="690" ind1=" " ind2="4">
    <subfield code="a">Interiors</subfield>
    <subfield code="x">Churches.</subfield>
  </datafield>
  <datafield tag="600" ind1="1" ind2="0">
    <subfield code="a">McCoskry, Samuel Allen,</subfield>
    <subfield code="d">1804-1886.</subfield>
  </datafield>
  <datafield tag="650" ind1=" " ind2="7">
    <subfield code="a">Missions</subfield>
    <subfield code="z">Michigan.</subfield>
    <subfield code="2">lctgm</subfield>
  </datafield>
  <datafield tag="600" ind1="1" ind2="0">
    <subfield code="a">Page, Herman,</subfield>
    <subfield code="d">1866-1942.</subfield>
  </datafield>
  <datafield tag="650" ind1=" " ind2="7">
    <subfield code="a">Religion.</subfield>
    <subfield code="2">lctgm</subfield>
  </datafield>
  <datafield tag="650" ind1=" " ind2="7">
    <subfield code="a">Women's rights.</subfield>
    <subfield code="2">lctgm</subfield>
  </datafield>
  <datafield tag="650" ind1=" " ind2="7">
    <subfield code="a">Episcopal churches</subfield>
    <subfield code="z">Michigan</subfield>
    <subfield code="z">Adrian</subfield>
    <subfield code="2">lctgm</subfield>
  </datafield>
  <datafield tag="650" ind1=" " ind2="7">
    <subfield code="a">Episcopal churches</subfield>
    <subfield code="z">Michigan</subfield>
    <subfield code="z">Algonac</subfield>
    <subfield code="2">lctgm</subfield>
  </datafield>
  <datafield tag="650" ind1=" " ind2="7">
    <subfield code="a">Episcopal churches</subfield>
    <subfield code="z">Michigan</subfield>
    <subfield code="z">Alma</subfield>
    <subfield code="2">lctgm</subfield>
  </datafield>
  <datafield tag="650" ind1=" " ind2="7">
    <subfield code="a">Episcopal churches</subfield>
    <subfield code="z">Michigan</subfield>
    <subfield code="z">Alpena</subfield>
    <subfield code="2">lctgm</subfield>
  </datafield>
  <datafield tag="650" ind1=" " ind2="7">
    <subfield code="a">Episcopal churches</subfield>
    <subfield code="z">Michigan</subfield>
    <subfield code="z">Au Sable</subfield>
    <subfield code="2">lctgm</subfield>
  </datafield>
  <datafield tag="650" ind1=" " ind2="7">
    <subfield code="a">Episcopal churches</subfield>
    <subfield code="z">Michigan</subfield>
    <subfield code="z">Bad Axe</subfield>
    <subfield code="2">lctgm</subfield>
  </datafield>
  <datafield tag="650" ind1=" " ind2="7">
    <subfield code="a">Episcopal churches</subfield>
    <subfield code="z">Michigan</subfield>
    <subfield code="z">Bay City</subfield>
    <subfield code="2">lctgm</subfield>
  </datafield>
  <datafield tag="650" ind1=" " ind2="7">
    <subfield code="a">Episcopal churches</subfield>
    <subfield code="z">Michigan</subfield>
    <subfield code="z">Birmingham</subfield>
    <subfield code="2">lctgm</subfield>
  </datafield>
  <datafield tag="650" ind1=" " ind2="7">
    <subfield code="a">Episcopal churches</subfield>
    <subfield code="z">Michigan</subfield>
    <subfield code="z">Bloomfield Hills</subfield>
    <subfield code="2">lctgm</subfield>
  </datafield>
  <datafield tag="650" ind1=" " ind2="7">
    <subfield code="a">Episcopal churches</subfield>
    <subfield code="z">Michigan</subfield>
    <subfield code="z">Brighton</subfield>
    <subfield code="2">lctgm</subfield>
  </datafield>
  <datafield tag="650" ind1=" " ind2="7">
    <subfield code="a">Episcopal churches</subfield>
    <subfield code="z">Michigan</subfield>
    <subfield code="z">Brooklyn</subfield>
    <subfield code="2">lctgm</subfield>
  </datafield>
  <datafield tag="650" ind1=" " ind2="7">
    <subfield code="a">Episcopal churches</subfield>
    <subfield code="z">Michigan</subfield>
    <subfield code="z">Cambridge Junction</subfield>
    <subfield code="2">lctgm</subfield>
  </datafield>
  <datafield tag="650" ind1=" " ind2="7">
    <subfield code="a">Episcopal churches</subfield>
    <subfield code="z">Michigan</subfield>
    <subfield code="z">Cheboygan</subfield>
    <subfield code="2">lctgm</subfield>
  </datafield>
  <datafield tag="650" ind1=" " ind2="7">
    <subfield code="a">Episcopal churches</subfield>
    <subfield code="z">Michigan</subfield>
    <subfield code="z">Chesaning</subfield>
    <subfield code="2">lctgm</subfield>
  </datafield>
  <datafield tag="650" ind1=" " ind2="7">
    <subfield code="a">Episcopal churches</subfield>
    <subfield code="z">Michigan</subfield>
    <subfield code="z">Coleman</subfield>
    <subfield code="2">lctgm</subfield>
  </datafield>
  <datafield tag="650" ind1=" " ind2="7">
    <subfield code="a">Episcopal churches</subfield>
    <subfield code="z">Michigan</subfield>
    <subfield code="z">Corunna</subfield>
    <subfield code="2">lctgm</subfield>
  </datafield>
  <datafield tag="650" ind1=" " ind2="7">
    <subfield code="a">Episcopal churches</subfield>
    <subfield code="z">Michigan</subfield>
    <subfield code="z">Croswell</subfield>
    <subfield code="2">lctgm</subfield>
  </datafield>
  <datafield tag="650" ind1=" " ind2="7">
    <subfield code="a">Episcopal churches</subfield>
    <subfield code="z">Michigan</subfield>
    <subfield code="z">Dearborn</subfield>
    <subfield code="2">lctgm</subfield>
  </datafield>
  <datafield tag="650" ind1=" " ind2="7">
    <subfield code="a">Episcopal churches</subfield>
    <subfield code="z">Michigan</subfield>
    <subfield code="z">Detroit</subfield>
    <subfield code="2">lctgm</subfield>
  </datafield>
  <datafield tag="650" ind1=" " ind2="7">
    <subfield code="a">Episcopal churches</subfield>
    <subfield code="z">Michigan</subfield>
    <subfield code="z">Dexter</subfield>
    <subfield code="2">lctgm</subfield>
  </datafield>
  <datafield tag="650" ind1=" " ind2="7">
    <subfield code="a">Episcopal churches</subfield>
    <subfield code="z">Michigan</subfield>
    <subfield code="z">Dryden</subfield>
    <subfield code="2">lctgm</subfield>
  </datafield>
  <datafield tag="650" ind1=" " ind2="7">
    <subfield code="a">Episcopal churches</subfield>
    <subfield code="z">Michigan</subfield>
    <subfield code="z">Durand</subfield>
    <subfield code="2">lctgm</subfield>
  </datafield>
  <datafield tag="650" ind1=" " ind2="7">
    <subfield code="a">Episcopal churches</subfield>
    <subfield code="z">Michigan</subfield>
    <subfield code="z">East Tawas</subfield>
    <subfield code="2">lctgm</subfield>
  </datafield>
  <datafield tag="650" ind1=" " ind2="7">
    <subfield code="a">Episcopal churches</subfield>
    <subfield code="z">Michigan</subfield>
    <subfield code="z">Fenton</subfield>
    <subfield code="2">lctgm</subfield>
  </datafield>
  <datafield tag="650" ind1=" " ind2="7">
    <subfield code="a">Episcopal churches</subfield>
    <subfield code="z">Michigan</subfield>
    <subfield code="z">Ferndale</subfield>
    <subfield code="2">lctgm</subfield>
  </datafield>
  <datafield tag="650" ind1=" " ind2="7">
    <subfield code="a">Episcopal churches</subfield>
    <subfield code="z">Michigan</subfield>
    <subfield code="z">Flint</subfield>
    <subfield code="2">lctgm</subfield>
  </datafield>
  <datafield tag="650" ind1=" " ind2="7">
    <subfield code="a">Episcopal churches</subfield>
    <subfield code="z">Michigan</subfield>
    <subfield code="z">Gladwin</subfield>
    <subfield code="2">lctgm</subfield>
  </datafield>
  <datafield tag="650" ind1=" " ind2="7">
    <subfield code="a">Episcopal churches</subfield>
    <subfield code="z">Michigan</subfield>
    <subfield code="z">Grosse Pointe</subfield>
    <subfield code="2">lctgm</subfield>
  </datafield>
  <datafield tag="650" ind1=" " ind2="7">
    <subfield code="a">Episcopal churches</subfield>
    <subfield code="z">Michigan</subfield>
    <subfield code="z">Hagensville</subfield>
    <subfield code="2">lctgm</subfield>
  </datafield>
  <datafield tag="650" ind1=" " ind2="7">
    <subfield code="a">Episcopal churches</subfield>
    <subfield code="z">Michigan</subfield>
    <subfield code="z">Hamburg</subfield>
    <subfield code="2">lctgm</subfield>
  </datafield>
  <datafield tag="650" ind1=" " ind2="7">
    <subfield code="a">Episcopal churches</subfield>
    <subfield code="z">Michigan</subfield>
    <subfield code="z">Hazel Park</subfield>
    <subfield code="2">lctgm</subfield>
  </datafield>
  <datafield tag="650" ind1=" " ind2="7">
    <subfield code="a">Episcopal churches</subfield>
    <subfield code="z">Michigan</subfield>
    <subfield code="z">Hillman</subfield>
    <subfield code="2">lctgm</subfield>
  </datafield>
  <datafield tag="650" ind1=" " ind2="7">
    <subfield code="a">Episcopal churches</subfield>
    <subfield code="z">Michigan</subfield>
    <subfield code="z">Hillsdale</subfield>
    <subfield code="2">lctgm</subfield>
  </datafield>
  <datafield tag="650" ind1=" " ind2="7">
    <subfield code="a">Episcopal churches</subfield>
    <subfield code="z">Michigan</subfield>
    <subfield code="z">Houghton Lake</subfield>
    <subfield code="2">lctgm</subfield>
  </datafield>
  <datafield tag="650" ind1=" " ind2="7">
    <subfield code="a">Episcopal churches</subfield>
    <subfield code="z">Michigan</subfield>
    <subfield code="z">Howell</subfield>
    <subfield code="2">lctgm</subfield>
  </datafield>
  <datafield tag="650" ind1=" " ind2="7">
    <subfield code="a">Episcopal churches</subfield>
    <subfield code="z">Michigan</subfield>
    <subfield code="z">Hudson</subfield>
    <subfield code="2">lctgm</subfield>
  </datafield>
  <datafield tag="650" ind1=" " ind2="7">
    <subfield code="a">Episcopal churches</subfield>
    <subfield code="z">Michigan</subfield>
    <subfield code="z">Inkster</subfield>
    <subfield code="2">lctgm</subfield>
  </datafield>
  <datafield tag="650" ind1=" " ind2="7">
    <subfield code="a">Episcopal churches</subfield>
    <subfield code="z">Michigan</subfield>
    <subfield code="z">Jackson</subfield>
    <subfield code="2">lctgm</subfield>
  </datafield>
  <datafield tag="650" ind1=" " ind2="7">
    <subfield code="a">Episcopal churches</subfield>
    <subfield code="z">Michigan</subfield>
    <subfield code="z">Jonesville</subfield>
    <subfield code="2">lctgm</subfield>
  </datafield>
  <datafield tag="650" ind1=" " ind2="7">
    <subfield code="a">Episcopal churches</subfield>
    <subfield code="z">Michigan</subfield>
    <subfield code="z">Lachine</subfield>
    <subfield code="2">lctgm</subfield>
  </datafield>
  <datafield tag="650" ind1=" " ind2="7">
    <subfield code="a">Episcopal churches</subfield>
    <subfield code="z">Michigan</subfield>
    <subfield code="z">Lansing</subfield>
    <subfield code="2">lctgm</subfield>
  </datafield>
  <datafield tag="650" ind1=" " ind2="7">
    <subfield code="a">Episcopal churches</subfield>
    <subfield code="z">Michigan</subfield>
    <subfield code="z">Lapeer</subfield>
    <subfield code="2">lctgm</subfield>
  </datafield>
  <datafield tag="650" ind1=" " ind2="7">
    <subfield code="a">Episcopal churches</subfield>
    <subfield code="z">Michigan</subfield>
    <subfield code="z">Lexington</subfield>
    <subfield code="2">lctgm</subfield>
  </datafield>
  <datafield tag="650" ind1=" " ind2="7">
    <subfield code="a">Episcopal churches</subfield>
    <subfield code="z">Michigan</subfield>
    <subfield code="z">Lincoln Park</subfield>
    <subfield code="2">lctgm</subfield>
  </datafield>
  <datafield tag="650" ind1=" " ind2="7">
    <subfield code="a">Episcopal churches</subfield>
    <subfield code="z">Michigan</subfield>
    <subfield code="z">Long Rapids</subfield>
    <subfield code="2">lctgm</subfield>
  </datafield>
  <datafield tag="650" ind1=" " ind2="7">
    <subfield code="a">Episcopal churches</subfield>
    <subfield code="z">Michigan</subfield>
    <subfield code="z">Mackinac Island</subfield>
    <subfield code="2">lctgm</subfield>
  </datafield>
  <datafield tag="650" ind1=" " ind2="7">
    <subfield code="a">Episcopal churches</subfield>
    <subfield code="z">Michigan</subfield>
    <subfield code="z">Marine City</subfield>
    <subfield code="2">lctgm</subfield>
  </datafield>
  <datafield tag="650" ind1=" " ind2="7">
    <subfield code="a">Episcopal churches</subfield>
    <subfield code="z">Michigan</subfield>
    <subfield code="z">Marlette</subfield>
    <subfield code="2">lctgm</subfield>
  </datafield>
  <datafield tag="650" ind1=" " ind2="7">
    <subfield code="a">Episcopal churches</subfield>
    <subfield code="z">Michigan</subfield>
    <subfield code="z">Monroe</subfield>
    <subfield code="2">lctgm</subfield>
  </datafield>
  <datafield tag="650" ind1=" " ind2="7">
    <subfield code="a">Episcopal churches</subfield>
    <subfield code="z">Michigan</subfield>
    <subfield code="z">Onaway</subfield>
    <subfield code="2">lctgm</subfield>
  </datafield>
  <datafield tag="650" ind1=" " ind2="7">
    <subfield code="a">Episcopal churches</subfield>
    <subfield code="z">Michigan</subfield>
    <subfield code="z">Otter Lake</subfield>
    <subfield code="2">lctgm</subfield>
  </datafield>
  <datafield tag="650" ind1=" " ind2="7">
    <subfield code="a">Episcopal churches</subfield>
    <subfield code="z">Michigan</subfield>
    <subfield code="z">Owosso</subfield>
    <subfield code="2">lctgm</subfield>
  </datafield>
  <datafield tag="650" ind1=" " ind2="7">
    <subfield code="a">Episcopal churches</subfield>
    <subfield code="z">Michigan</subfield>
    <subfield code="z">Plymouth</subfield>
    <subfield code="2">lctgm</subfield>
  </datafield>
  <datafield tag="650" ind1=" " ind2="7">
    <subfield code="a">Episcopal churches</subfield>
    <subfield code="z">Michigan</subfield>
    <subfield code="z">Pointe Aux Pins</subfield>
    <subfield code="2">lctgm</subfield>
  </datafield>
  <datafield tag="650" ind1=" " ind2="7">
    <subfield code="a">Episcopal churches</subfield>
    <subfield code="z">Michigan</subfield>
    <subfield code="z">Pontiac</subfield>
    <subfield code="2">lctgm</subfield>
  </datafield>
  <datafield tag="650" ind1=" " ind2="7">
    <subfield code="a">Episcopal churches</subfield>
    <subfield code="z">Michigan</subfield>
    <subfield code="z">Port Huron</subfield>
    <subfield code="2">lctgm</subfield>
  </datafield>
  <datafield tag="650" ind1=" " ind2="7">
    <subfield code="a">Episcopal churches</subfield>
    <subfield code="z">Michigan</subfield>
    <subfield code="z">Rochester</subfield>
    <subfield code="2">lctgm</subfield>
  </datafield>
  <datafield tag="650" ind1=" " ind2="7">
    <subfield code="a">Episcopal churches</subfield>
    <subfield code="z">Michigan</subfield>
    <subfield code="z">Rose City</subfield>
    <subfield code="2">lctgm</subfield>
  </datafield>
  <datafield tag="650" ind1=" " ind2="7">
    <subfield code="a">Episcopal churches</subfield>
    <subfield code="z">Michigan</subfield>
    <subfield code="z">Roseville</subfield>
    <subfield code="2">lctgm</subfield>
  </datafield>
  <datafield tag="650" ind1=" " ind2="7">
    <subfield code="a">Episcopal churches</subfield>
    <subfield code="z">Michigan</subfield>
    <subfield code="z">Royal Oak</subfield>
    <subfield code="2">lctgm</subfield>
  </datafield>
  <datafield tag="650" ind1=" " ind2="7">
    <subfield code="a">Episcopal churches</subfield>
    <subfield code="z">Michigan</subfield>
    <subfield code="z">Saginaw</subfield>
    <subfield code="2">lctgm</subfield>
  </datafield>
  <datafield tag="650" ind1=" " ind2="7">
    <subfield code="a">Episcopal churches</subfield>
    <subfield code="z">Michigan</subfield>
    <subfield code="z">Saint Clair</subfield>
    <subfield code="2">lctgm</subfield>
  </datafield>
  <datafield tag="650" ind1=" " ind2="7">
    <subfield code="a">Episcopal churches</subfield>
    <subfield code="z">Michigan</subfield>
    <subfield code="z">Saint Johns</subfield>
    <subfield code="2">lctgm</subfield>
  </datafield>
  <datafield tag="650" ind1=" " ind2="7">
    <subfield code="a">Episcopal churches</subfield>
    <subfield code="z">Michigan</subfield>
    <subfield code="z">Standish</subfield>
    <subfield code="2">lctgm</subfield>
  </datafield>
  <datafield tag="650" ind1=" " ind2="7">
    <subfield code="a">Episcopal churches</subfield>
    <subfield code="z">Michigan</subfield>
    <subfield code="z">Wayne</subfield>
    <subfield code="2">lctgm</subfield>
  </datafield>
  <datafield tag="650" ind1=" " ind2="7">
    <subfield code="a">Episcopal churches</subfield>
    <subfield code="z">Michigan</subfield>
    <subfield code="z">West Branch</subfield>
    <subfield code="2">lctgm</subfield>
  </datafield>
  <datafield tag="650" ind1=" " ind2="7">
    <subfield code="a">Episcopal churches</subfield>
    <subfield code="z">Michigan</subfield>
    <subfield code="z">Williamston</subfield>
    <subfield code="2">lctgm</subfield>
  </datafield>
  <datafield tag="650" ind1=" " ind2="7">
    <subfield code="a">Episcopal churches</subfield>
    <subfield code="z">Michigan</subfield>
    <subfield code="z">Wyandotte</subfield>
    <subfield code="2">lctgm</subfield>
  </datafield>
  <datafield tag="773" ind1="1" ind2=" ">
    <subfield code="a">Episcopal Church. Diocese of Michigan.</subfield>
    <subfield code="7">c2bc</subfield>
    <subfield code="t">Episcopal Church, Diocese of Michigan records.</subfield>
    <subfield code="w">(CStRLIN)MIUV86-A726</subfield>
  </datafield>
  <datafield tag="852" ind1=" " ind2=" ">
    <subfield code="a">Bentley Historical Library,</subfield>
    <subfield code="b">University of Michigan,</subfield>
    <subfield code="c">Ann Arbor, Michigan 48109-2113</subfield>
  </datafield>
  <datafield tag="856" ind1="4" ind2="2">
    <subfield code="3">Finding aid:</subfield>
    <subfield code="u">http://quod.lib.umich.edu/cgi/f/findaid/findaid-idx?c=bhlead&amp;idno=umich-bhl-86726</subfield>
  </datafield>
  <datafield tag="998" ind1=" " ind2=" ">
    <subfield code="c">LAC</subfield>
    <subfield code="s">9114</subfield>
  </datafield>
</record>
